<?xml version="1.0" encoding="UTF-8"?><collection xmlns="http://www.loc.gov/MARC21/slim"><record><leader>00425nam--2200145-i-4500</leader><controlfield tag="001">000010416</controlfield><controlfield tag="002">20161230</controlfield><controlfield tag="005">20161230201028</controlfield><controlfield tag="008">060222s1000------------r-----000-0-eng-d</controlfield><datafield ind1=" " ind2=" " tag="080"><subfield code="a">341.16:621.039</subfield></datafield><datafield ind1=" " ind2=" " tag="100"><subfield code="a">Paul C.Szasz</subfield></datafield><datafield ind1=" " ind2=" " tag="245"><subfield code="a">The law and practices of the international atomic energy agency 1970-1980 supplement 1 to the 1970 edition</subfield></datafield><datafield ind1=" " ind2=" " tag="260"><subfield code="a">Vienna, Iaea, 1970 1176 P</subfield></datafield><datafield ind1=" " ind2=" " tag="490"><subfield code="a">Legal Series</subfield></datafield><datafield ind1=" " ind2=" " tag="852"><subfield code="a">24340</subfield></datafield></record></collection>